<?xml version="1.0" encoding="UTF-8"?><collection xmlns="http://www.loc.gov/MARC21/slim"><record><leader>00516nam--2200181-i-4500</leader><controlfield tag="001">000016648</controlfield><controlfield tag="002">20161230</controlfield><controlfield tag="005">20170116005228</controlfield><controlfield tag="008">060222s1000------------r-----000-0-rum-d</controlfield><datafield ind1=" " ind2=" " tag="041"><subfield code="a">IFIN-HH</subfield></datafield><datafield ind1=" " ind2=" " tag="080"><subfield code="a">620.179.15(043)</subfield></datafield><datafield ind1="1" ind2=" " tag="100"><subfield code="a">Iovea, Mihai</subfield></datafield><datafield ind1="1" ind2="0" tag="245"><subfield code="a">Studiul mecanismelor fizice in tomografia computerizata</subfield><subfield code="b">Rez. tezei</subfield><subfield code="c">Mihai Iovea</subfield></datafield><datafield ind1=" " ind2=" " tag="260"><subfield code="a">Bucuresti</subfield><subfield code="b">Ifa</subfield><subfield code="c">1998</subfield></datafield><datafield ind1=" " ind2=" " tag="300"><subfield code="a">30 p</subfield></datafield><datafield ind1=" " ind2=" " tag="502"><subfield code="a">Conducator Stiintific: Dr. Alexandru Cavaleru</subfield></datafield><datafield ind1=" " ind2=" " tag="852"><subfield code="a">80838</subfield><subfield code="c">528</subfield></datafield><datafield ind1=" " ind2=" " tag="CAT"><subfield code="a">SYS</subfield><subfield code="c">20170116</subfield><subfield code="h">005228</subfield></datafield></record></collection>